<record><leader>00000cas a22000007a 4500</leader><controlfield tag="001">27341325</controlfield><controlfield tag="008">930128d18441845ctuwr ne      0    0eng d</controlfield><datafield ind1=" " ind2=" " tag="010"><subfield code="a">sn 93053699 </subfield></datafield><datafield ind1=" " ind2=" " tag="040"><subfield code="a">CNW</subfield><subfield code="b">eng</subfield><subfield code="c">CNW</subfield><subfield code="d">OCL</subfield><subfield code="d">OCLCQ</subfield><subfield code="d">OCLCF</subfield><subfield code="d">OCLCO</subfield></datafield><datafield ind1="1" ind2=" " tag="029"><subfield code="a">AU@</subfield><subfield code="b">000020132546</subfield></datafield><datafield ind1=" " ind2=" " tag="042"><subfield code="a">msc</subfield></datafield><datafield ind1=" " ind2=" " tag="043"><subfield code="a">n-us-ct</subfield></datafield><datafield ind1="0" ind2=" " tag="130"><subfield code="a">American (Waterbury, Conn. : 1844)</subfield></datafield><datafield ind1="1" ind2="4" tag="245"><subfield code="a">The American.</subfield></datafield><datafield ind1=" " ind2=" " tag="260"><subfield code="a">Waterbury, Conn. :</subfield><subfield code="b">Josiah Giles</subfield></datafield><datafield ind1=" " ind2=" " tag="300"><subfield code="a">v.</subfield></datafield><datafield ind1=" " ind2=" " tag="310"><subfield code="a">Weekly</subfield></datafield><datafield ind1="0" ind2=" " tag="362"><subfield code="a">Vol. 1, no. 1 (Dec. 11 [i.e. 14], 1844)-v. 1, no. 26 (June 7, 1845).</subfield></datafield><datafield ind1=" " ind2=" " tag="530"><subfield code="a">Available on microfilm from New England Micrographics, Marlboro, Mass.</subfield></datafield><datafield ind1=" " ind2="0" tag="651"><subfield code="a">Waterbury (Conn.)</subfield><subfield code="v">Newspapers.</subfield></datafield><datafield ind1=" " ind2="7" tag="655"><subfield code="a">Newspapers.</subfield><subfield code="2">fast</subfield><subfield code="0">(OCoLC)fst01423814</subfield></datafield><datafield ind1=" " ind2="7" tag="651"><subfield code="a">Connecticut</subfield><subfield code="z">Waterbury.</subfield><subfield code="2">fast</subfield><subfield code="0">(OCoLC)fst01206504</subfield></datafield><datafield ind1=" " ind2=" " tag="752"><subfield code="a">United States</subfield><subfield code="b">Connecticut</subfield><subfield code="c">New Haven</subfield><subfield code="d">Waterbury.</subfield></datafield><datafield ind1="0" ind2="0" tag="785"><subfield code="t">Waterbury American (Waterbury, Conn. : 1845)</subfield><subfield code="w">(DLC)sn 84022542</subfield><subfield code="w">(OCoLC)10466521</subfield></datafield></record>